@book {bourbaki,
  TITLE     = {Algebra~I},
  SUBTITLE  = {Chapters~1--3},
  SERIES    = {Elements of Mathematics},
  AUTHOR    = {Bourbaki, Nicolas},
  PAGES     = {xxiii+709},
  PUBLISHER = {Springer-Verlag Berlin Heidelberg New York},
  YEAR      = {1989},
  EDITON    = {2nd printing},
  ISBN      = {3-540-64243-9}
}

@book {lang,
  TITLE = {Algebra},
  EDITON = {Revised Third Edition},
  AUTHOR = {Lang, Serge},
  PAGES = {xv+914},
  SERIES = {Graduate Texts in Mathematics},
  NUMBER = {211},
  PUBLISHER = {Springer-Verlag New York},
  YEAR = {2002},
  ISBN = {978-0-387-95385-4},
  DOI = {10.1007/978-1-4613-0041-0}
}

@book {loday,
  TITLE = {Cyclic Homology},
  AUTHOR = {Loday, Jean-Lois},
  PAGES = {xix+516},
  SERIES = {Grundlagen der mathematischen Wissenschaften},
  NUMBER = {301},
  PUBLISHER = {Springer Verlag Berlin-Heidelberg},
  YEAR = {1992},
  ISBN = {978-3-662-21741-2},
  DOI = {10.1007/978-3-662-21739-9}
}

@book {weibel,
  TITLE = {An Introduction to Homological Algebra},
  AUTHOR = {Weibel, Charles A.},
  PAGES = {xiv+450},
  SERIES = {Cambridge Studies in Advanced Mathematics},
  NUMBER = {38},
  PUBLISHER = {Cambridge University Press},
  YEAR = {1994},
  ISBN = {978-0-521-55987-1},
  DOI={10.1017/CBO9781139644136}
}

@book { hilton_stammbach,
  TITLE = {A Course in Homological Algebra},
  AUTHOR = {Hilton, Peter J. and Stammbach, Urs},
  EDITON = {2},
  PAGES = {xii+366},
  YEAR = {1994},
  SERIES = {Graduate Texts in Mathematics},
  NUMBER = {4},
  PUBLISHER = {Springer-Verlag New York},
  ISBN = {978-0-387-94823-2},
  DOI = {10.1007/978-1-4419-8566-8}
}

@online {exterior_bialgebra_mo,
    TITLE = {When is the exterior algebra a Hopf algebra?},
    AUTHOR = {David E Speyer},
    HOWPUBLISHED = {MathOverflow},
    DATE = {2018-11-30},
    URL = {https://mathoverflow.net/q/316544},
    URLDATE = {2019-05-07},
    LABEL = {MO}
}

@article {quillen,
     TITLE = {Rational homotopy theory},
    AUTHOR = {Quillen, Daniel},
   JOURNAL = {Ann. of Math. (2)},
  FJOURNAL = {Annals of Mathematics. Second Series},
    NUMBER = {90},
      YEAR = {1969},
     PAGES = {205--295},
      ISSN = {0003-486X},
       DOI = {10.2307/1970725},
}

@book {rational_homotopy_book,
  TITLE = {Rational Homotopy Theory},
  AUTHOR = {FÃ©lix, Yves and Halperin, Stephen and Thomas, Jean-Claude},
  PAGES = {xxxiii+539},
  SERIES = {Graduate Texts in Mathematics},
  NUMBER = {205},
  YEAR = {2001},
  PUBLISHER = {Springer-Verlag New York},
  ISBN = {978-0-387-95068-6},
  DOI = {10.1007/978-1-4613-0105-9}
}
